<?xml version="1.0" encoding="UTF-8"?><collection xmlns="http://www.loc.gov/MARC21/slim"><record><leader>00549nam--2200205-u-4500</leader><controlfield tag="001">000053234</controlfield><controlfield tag="002">20161230</controlfield><controlfield tag="005">20161230201051</controlfield><controlfield tag="008">110113s1000------------r-----000-0-eng-d</controlfield><datafield ind1=" " ind2=" " tag="020"><subfield code="a">3540586229</subfield></datafield><datafield ind1=" " ind2=" " tag="040"><subfield code="a">IFIN-HH</subfield></datafield><datafield ind1=" " ind2=" " tag="080"><subfield code="a">539.2</subfield></datafield><datafield ind1="1" ind2=" " tag="100"><subfield code="a">Desjonqueres, M.-c</subfield></datafield><datafield ind1="1" ind2="0" tag="245"><subfield code="a">Concepts in surface physics</subfield><subfield code="c">M.-c. desjonqueres; d. spanjaard</subfield></datafield><datafield ind1=" " ind2=" " tag="250"><subfield code="a">Second Edition; Corrected Printing</subfield></datafield><datafield ind1=" " ind2=" " tag="260"><subfield code="a">Berlin</subfield><subfield code="b">Springer-verlag</subfield><subfield code="c">1998</subfield></datafield><datafield ind1=" " ind2=" " tag="300"><subfield code="a">605P</subfield></datafield><datafield ind1="1" ind2=" " tag="700"><subfield code="a">Spanjaard, D</subfield></datafield><datafield ind1=" " ind2=" " tag="852"><subfield code="a">81423</subfield><subfield code="c">539.2</subfield></datafield><datafield ind1=" " ind2=" " tag="CAT"><subfield code="a">Sys</subfield><subfield code="c">20110113</subfield><subfield code="h">090245</subfield></datafield></record></collection>